<record><leader>00000cas a22000007a 4500</leader><controlfield tag="001">18514803</controlfield><controlfield tag="008">880922c198u9999njuer ne      0    0eng d</controlfield><datafield ind1=" " ind2=" " tag="010"><subfield code="a">sn 88071369 </subfield></datafield><datafield ind1=" " ind2=" " tag="040"><subfield code="a">NJW</subfield><subfield code="b">eng</subfield><subfield code="c">NJW</subfield><subfield code="d">YOX</subfield><subfield code="d">DCN</subfield><subfield code="d">OCL</subfield><subfield code="d">OCLCQ</subfield><subfield code="d">OCLCF</subfield><subfield code="d">OCLCO</subfield></datafield><datafield ind1=" " ind2=" " tag="042"><subfield code="a">msc</subfield></datafield><datafield ind1=" " ind2=" " tag="043"><subfield code="a">n-us-nj</subfield></datafield><datafield ind1="0" ind2=" " tag="130"><subfield code="a">Connection (Teaneck, N.J.)</subfield></datafield><datafield ind1="1" ind2="4" tag="245"><subfield code="a">The connection.</subfield></datafield><datafield ind1="1" ind2="3" tag="246"><subfield code="a">Connection news</subfield></datafield><datafield ind1=" " ind2=" " tag="260"><subfield code="a">Teaneck, N.J. :</subfield><subfield code="b">Ralph F. Johnson</subfield></datafield><datafield ind1=" " ind2=" " tag="310"><subfield code="a">Biweekly</subfield></datafield><datafield ind1=" " ind2=" " tag="321"><subfield code="a">Weekly &lt;1991-&gt;</subfield></datafield><datafield ind1=" " ind2=" " tag="500"><subfield code="a">"News from a Black perspective."</subfield></datafield><datafield ind1=" " ind2=" " tag="500"><subfield code="a">"Largest African-American weekly newspaper in New Jersey."</subfield></datafield><datafield ind1=" " ind2=" " tag="588"><subfield code="a">Description based on: Vol. 1, issue no. 23 (June 16, 1984).</subfield></datafield><datafield ind1=" " ind2=" " tag="588"><subfield code="a">Latest issue consulted: Vol. 9, no. 3 (Mar. 23, 1991).</subfield></datafield><datafield ind1=" " ind2="0" tag="650"><subfield code="a">African Americans</subfield><subfield code="z">New Jersey</subfield><subfield code="v">Newspapers.</subfield></datafield><datafield ind1=" " ind2="0" tag="651"><subfield code="a">Teaneck (N.J.)</subfield><subfield code="v">Newspapers.</subfield></datafield><datafield ind1=" " ind2="7" tag="655"><subfield code="a">Newspapers.</subfield><subfield code="2">fast</subfield><subfield code="0">(OCoLC)fst01423814</subfield></datafield><datafield ind1=" " ind2="7" tag="650"><subfield code="a">African Americans.</subfield><subfield code="2">fast</subfield><subfield code="0">(OCoLC)fst00799558</subfield></datafield><datafield ind1=" " ind2="7" tag="651"><subfield code="a">New Jersey.</subfield><subfield code="2">fast</subfield><subfield code="0">(OCoLC)fst01208379</subfield></datafield><datafield ind1=" " ind2="7" tag="651"><subfield code="a">New Jersey</subfield><subfield code="z">Teaneck.</subfield><subfield code="2">fast</subfield><subfield code="0">(OCoLC)fst01212805</subfield></datafield><datafield ind1=" " ind2=" " tag="752"><subfield code="a">United States</subfield><subfield code="b">New Jersey</subfield><subfield code="c">Bergen</subfield><subfield code="d">Teaneck.</subfield></datafield><datafield ind1="0" ind2="0" tag="780"><subfield code="t">North Jersey connection</subfield><subfield code="w">(DLC)sn 92060412</subfield></datafield></record>